<record><leader>00000cas a22000007a 4500</leader><controlfield tag="001">18541091</controlfield><controlfield tag="008">880928d18991972nduwr ne      0    0eng d</controlfield><datafield ind1=" " ind2=" " tag="010"><subfield code="a">sn 88076642 </subfield></datafield><datafield ind1=" " ind2=" " tag="040"><subfield code="a">NOP</subfield><subfield code="b">eng</subfield><subfield code="c">NOP</subfield><subfield code="d">OCLCQ</subfield></datafield><datafield ind1="0" ind2=" " tag="041"><subfield code="a">engger</subfield></datafield><datafield ind1=" " ind2=" " tag="042"><subfield code="a">msc</subfield></datafield><datafield ind1="0" ind2="4" tag="245"><subfield code="a">The Anamoose progress.</subfield></datafield><datafield ind1=" " ind2=" " tag="260"><subfield code="a">Anamoose, McHenry County, N.D. :</subfield><subfield code="b">Geo. H. Iseminger</subfield></datafield><datafield ind1=" " ind2=" " tag="300"><subfield code="a">v. :</subfield><subfield code="b">ill. ;</subfield><subfield code="c">55-61 cm.</subfield></datafield><datafield ind1=" " ind2=" " tag="310"><subfield code="a">Weekly</subfield></datafield><datafield ind1="1" ind2=" " tag="362"><subfield code="a">Began in 1899?</subfield></datafield><datafield ind1="0" ind2=" " tag="362"><subfield code="a">-v. 60, no. 39 (Aug. 31, 1972).</subfield></datafield><datafield ind1=" " ind2=" " tag="500"><subfield code="a">Place of publication varies: Anamoose, N.D., 1903-1936; Drake, N.D., 1936-1972.</subfield></datafield><datafield ind1=" " ind2=" " tag="500"><subfield code="a">"Golden Jubilee Edition" published: Sept. 22, 1949.</subfield></datafield><datafield ind1=" " ind2=" " tag="530"><subfield code="a">Available on microfilm from the State Historical Society of North Dakota.</subfield></datafield><datafield ind1=" " ind2=" " tag="546"><subfield code="a">In English and German.</subfield></datafield><datafield ind1=" " ind2=" " tag="588"><subfield code="a">Description based on: Vol. 4, no. 13 (Mar. 13, 1903).</subfield></datafield><datafield ind1=" " ind2=" " tag="752"><subfield code="a">United States</subfield><subfield code="b">North Dakota</subfield><subfield code="c">McHenry</subfield><subfield code="d">Drake.</subfield></datafield><datafield ind1=" " ind2=" " tag="752"><subfield code="a">United States</subfield><subfield code="b">North Dakota</subfield><subfield code="c">McHenry</subfield><subfield code="d">Anamoose.</subfield></datafield><datafield ind1="0" ind2="7" tag="785"><subfield code="t">Drake register</subfield><subfield code="w">(DLC)sn 88076652</subfield></datafield><datafield ind1="0" ind2="7" tag="785"><subfield code="t">Drake register and the Anamoose progress</subfield><subfield code="w">(DLC)sn 88076653</subfield></datafield><datafield ind1="1" ind2=" " tag="029"><subfield code="a">AU@</subfield><subfield code="b">000025840020</subfield></datafield></record>